<record><leader>00000cas a22000007a 4500</leader><controlfield tag="001">20109163</controlfield><controlfield tag="008">890801d19uu19uunduwr ne      0    0ger d</controlfield><datafield ind1=" " ind2=" " tag="010"><subfield code="a">sn 89074224 </subfield></datafield><datafield ind1=" " ind2=" " tag="040"><subfield code="a">NOP</subfield><subfield code="b">eng</subfield><subfield code="c">NOP</subfield><subfield code="d">OCLCQ</subfield></datafield><datafield ind1=" " ind2=" " tag="042"><subfield code="a">msc</subfield></datafield><datafield ind1="0" ind2="0" tag="245"><subfield code="a">Wisheker Nachrichten.</subfield></datafield><datafield ind1=" " ind2=" " tag="260"><subfield code="a">Wishek, Nord=Dakota :</subfield><subfield code="b">[s.n.]</subfield></datafield><datafield ind1=" " ind2=" " tag="300"><subfield code="a">v. :</subfield><subfield code="b">ill. ;</subfield><subfield code="c">56 cm.</subfield></datafield><datafield ind1=" " ind2=" " tag="310"><subfield code="a">Weekly</subfield></datafield><datafield ind1=" " ind2=" " tag="500"><subfield code="a">"German edition of The Wishek News."</subfield></datafield><datafield ind1=" " ind2=" " tag="500"><subfield code="a">"Amtliche Zeitung fu&#776;r McIntosh County," 1908-1910.</subfield></datafield><datafield ind1=" " ind2=" " tag="530"><subfield code="a">Available on microfilm from the State Historical Society of North Dakota.</subfield></datafield><datafield ind1=" " ind2=" " tag="588"><subfield code="a">Description based on: Jahrg. 7, nr. 41 (23. Dez. 1908).</subfield></datafield><datafield ind1=" " ind2=" " tag="752"><subfield code="a">United States</subfield><subfield code="b">North Dakota</subfield><subfield code="c">McIntosh</subfield><subfield code="d">Wishek.</subfield></datafield><datafield ind1="0" ind2=" " tag="775"><subfield code="t">Wishek news</subfield><subfield code="w">(DLC)sn 88076161</subfield></datafield></record>